<?xml version="1.0" encoding="UTF-8"?><collection xmlns="http://www.loc.gov/MARC21/slim"><record><leader>00426nam--2200133-i-4500</leader><controlfield tag="001">000035101</controlfield><controlfield tag="002">20161230</controlfield><controlfield tag="005">20161230201040</controlfield><controlfield tag="008">060222s1000------------r-----000-0-eng-d</controlfield><datafield ind1=" " ind2=" " tag="080"><subfield code="a">621.039.58:621.311.2</subfield></datafield><datafield ind1=" " ind2=" " tag="245"><subfield code="a">Organisation gouvernementale pour la reglementation en matiere de surete des centrales nucleaires. code de bonne pratique</subfield></datafield><datafield ind1=" " ind2=" " tag="260"><subfield code="a">Vienne, I.A.E.A., 1979, 48p</subfield></datafield><datafield ind1=" " ind2=" " tag="490"><subfield code="a">Collection Securite</subfield></datafield><datafield ind1=" " ind2=" " tag="852"><subfield code="a">11497</subfield></datafield></record></collection>